% This file was created with JabRef 2.7.
% Encoding: UTF8

@article{许海玲2009互联网推荐系统比较研究,
  title={互联网推荐系统比较研究},
  author={许海玲 and 吴潇 and 李晓东 and 阎保平},
  journal={软件学报},
  volume={20},
  pages={350-362},
  year={2009}
}

@inproceedings{2421220,
author = {Sean M. Mcnee and John Riedl and Joseph A. Konstan},
title = {{Being accurate is not enough: how accuracy metrics have hurt recommender systems}},
booktitle = {Computer Human Interaction},
year = {2006},
pages = {1097--1101},
doi = {10.1145/1125451.1125659},
masid = {2421220}
}

@book{39360168,
author = {Francesco Ricci and Lior Rokach and Bracha Shapira},
title = {{Introduction to Recommender Systems Handbook}},
year = {2011},
doi = {10.1007/978-0-387-85820-3_1},
pages = {1--35},
masid = {39360168}
}

@article{861437,
author = {Greg Linden and Brent Smith and Jeremy York},
title = {{Amazon.com Recommendations: Item-to-Item Collaborative Filtering}},
journal = {IEEE Internet Computing},
volume = {7},
year = {2003},
pages = {76--80},
issue = {1},
doi = {10.1109/MIC.2003.1167344},
masid = {861437}
}

@inproceedings{39238972,
author = {James Davidson and Benjamin Liebald and Junning Liu and Palash Nandy and Taylor Van Vleet and Ullas Gargi and Sujoy Gupta and Yu He and Mike Lambert and Blake Livingston and Dasarathi Sampath},
title = {{The YouTube video recommendation system}},
booktitle = {Conference on Recommender Systems},
year = {2010},
pages = {293--296},
doi = {10.1145/1864708.1864770},
masid = {39238972}
}

@article{237066,
author = {J. Ben Schafer and Joseph A. Konstan and John Riedl},
title = {{E-Commerce Recommendation Applications}},
journal = {Data Mining and Knowledge Discovery},
volume = {5},
year = {2001},
pages = {115--153},
issue = {1/2},
masid = {237066}
}

@article{804401,
author = {Jonathan L. Herlocker and Joseph A. Konstan and Loren G. Terveen and John T. Riedl},
title = {{Evaluating collaborative filtering recommender systems}},
journal = {ACM Transactions on Information Systems},
volume = {22},
year = {2004},
pages = {5--53},
issue = {1},
doi = {10.1145/963770.963772},
masid = {804401}
}

@article{2155197,
author = {Yoon Ho Cho and Jae Kyeong Kim},
title = {{Application of Web usage mining and product taxonomy to collaborative recommendations in e-commerce}},
journal = {Expert Systems With Applications},
volume = {26},
year = {2004},
pages = {233--246},
issue = {2},
doi = {10.1016/S0957-4174(03)00138-6},
masid = {2155197}
}

@article{774803,
author = {Joseph A. Konstan and Bradley N. Miller and David Maltz and Jonathan L. Herlocker and Lee R. Gordon and John Riedl},
title = {{GroupLens: applying collaborative filtering to Usenet news}},
journal = {Communications of The ACM},
volume = {40},
year = {1997},
pages = {77--87},
issue = {3},
doi = {10.1145/245108.245126},
masid = {774803}
}

@book{1793595,
author = {Kyung-yong Jung and Dong-hyun Park and Jung-hyun Lee},
title = {{Hybrid Collaborative Filtering and Content-Based Filtering for Improved Recommender System}},
booktitle = {International Conference on Computational Science},
year = {2004},
pages = {295--302},
doi = {10.1007/978-3-540-24685-5_37},
masid = {1793595}
}

@book{4117651,
author = {Michael J. Pazzani and Daniel Billsus},
title = {{Content-Based Recommendation Systems}},
booktitle = {The Adaptive Web},
year = {2007},
pages = {325--341},
doi = {10.1007/978-3-540-72079-9_10},
masid = {4117651}
}

